@article{smith1918standard,
  title={On the standard deviations of adjusted and interpolated values of an observed polynomial function and its constants and the guidance they give towards a proper choice of the distribution of observations},
  author={Smith, Kirstine},
  journal={Biometrika},
  volume={12},
  number={1/2},
  pages={1--85},
  year={1918},
  publisher={JSTOR}
}

@article{gergonne1974application,
  title={The application of the method of least squares to the interpolation of sequences},
  author={Gergonne, JD},
  journal={Historia Mathematica},
  volume={1},
  number={4},
  pages={439--447},
  year={1974},
  publisher={Elsevier}
}

@book{stanley1986enumerative,
  title={What Is Enumerative Combinatorics?},
  author={Stanley, Richard P},
  year={1986},
  publisher={Springer}
}

@article{scikit-learn,
 title={Scikit-learn: Machine Learning in {P}ython},
 author={Pedregosa, F. and Varoquaux, G. and Gramfort, A. and Michel, V.
         and Thirion, B. and Grisel, O. and Blondel, M. and Prettenhofer, P.
         and Weiss, R. and Dubourg, V. and Vanderplas, J. and Passos, A. and
         Cournapeau, D. and Brucher, M. and Perrot, M. and Duchesnay, E.},
 journal={Journal of Machine Learning Research},
 volume={12},
 pages={2825--2830},
 year={2011}
}
