@article{scikit-learn,
 title={Scikit-learn: Machine Learning in {P}ython},
 author={Pedregosa, F. and Varoquaux, G. and Gramfort, A. and Michel, V.
         and Thirion, B. and Grisel, O. and Blondel, M. and Prettenhofer, P.
         and Weiss, R. and Dubourg, V. and Vanderplas, J. and Passos, A. and
         Cournapeau, D. and Brucher, M. and Perrot, M. and Duchesnay, E.},
 journal={Journal of Machine Learning Research},
 volume={12},
 pages={2825--2830},
 year={2011}
}

@misc{Lichman:2013,
author = "M. Lichman",
year = "2013",
title = "{UCI} Machine Learning Repository",
url = "http://archive.ics.uci.edu/ml",
institution = "University of California, Irvine, School of Information and Computer Sciences"
}

@article{agarwal2014reliable,
  title={A reliable effective terascale linear learning system},
  author={Agarwal, Alekh and Chapelle, Olivier and Dud{\'\i}k, Miroslav and Langford, John},
  journal={The Journal of Machine Learning Research},
  volume={15},
  number={1},
  pages={1111--1133},
  year={2014},
  publisher={JMLR. org}
}

@book{pevckov2008minimal,
  title={A minimal description length scheme for polynomial regression},
  author={Pe{\v{c}}kov, Aleksandar and D{\v{z}}eroski, Sa{\v{s}}o and Todorovski, Ljup{\v{c}}o},
  year={2008},
  publisher={Springer}
}

@book{theoryoflinearmodels,
	title={Theory of Linear Models},
	author={Bent Jorgensen},
	year={1993},
	publisher={Chapman \& Hall},
	section={4.4},
	page={139}
}

@article{pavlidis2002learning,
  title={Learning gene functional classifications from multiple data types},
  author={Pavlidis, Paul and Weston, Jason and Cai, Jinsong and Noble, William Stafford},
  journal={Journal of computational biology},
  volume={9},
  number={2},
  pages={401--411},
  year={2002},
  publisher={Mary Ann Liebert, Inc.}
}

@inproceedings{konidaris2009skill,
  title={Skill discovery in continuous reinforcement learning domains using skill chaining},
  author={Konidaris, George and Barreto, Andre S},
  booktitle={Advances in Neural Information Processing Systems},
  pages={1015--1023},
  year={2009}
}

@inproceedings{huang2010predicting,
  title={Predicting execution time of computer programs using sparse polynomial regression},
  author={Huang, Ling and Jia, Jinzhu and Yu, Bin and Chun, Byung-Gon and Maniatis, Petros and Naik, Mayur},
  booktitle={Advances in Neural Information Processing Systems},
  pages={883--891},
  year={2010}
}

@inproceedings{wiesler2009investigations,
  title={Investigations on features for log-linear acoustic models in continuous speech recognition},
  author={Wiesler, Simon and Nussbaum-Thom, Markus and Heigold, Georg and Schluter, R and Ney, Hermann},
  booktitle={Automatic Speech Recognition \& Understanding, 2009. ASRU 2009. IEEE Workshop on},
  pages={52--57},
  year={2009},
  organization={IEEE}
}
